<?xml version="1.0" encoding="UTF-8"?><collection xmlns="http://www.loc.gov/MARC21/slim"><record><leader>00419nam--2200157-i-4500</leader><controlfield tag="001">000048760</controlfield><controlfield tag="002">20161230</controlfield><controlfield tag="005">20170121204154</controlfield><controlfield tag="008">060222s1000------------r-----000-0-eng-d</controlfield><datafield ind1=" " ind2=" " tag="100"><subfield code="a">Adamchuk, Iu. V</subfield></datafield><datafield ind1=" " ind2=" " tag="245"><subfield code="a">Neitronospektroskopicheskie issledovaniia iadernyh urovnei</subfield></datafield><datafield ind1=" " ind2=" " tag="260"><subfield code="a">Moskva</subfield><subfield code="b">I.A.E.Kurchatova I.V</subfield><subfield code="c">1963</subfield></datafield><datafield ind1=" " ind2=" " tag="300"><subfield code="a">10 S</subfield></datafield><datafield ind1=" " ind2=" " tag="700"><subfield code="a">Muradiian, G. V</subfield></datafield><datafield ind1=" " ind2=" " tag="852"><subfield code="a">9286</subfield></datafield><datafield ind1=" " ind2=" " tag="CAT"><subfield code="a">SYS</subfield><subfield code="c">20170121</subfield><subfield code="h">204154</subfield></datafield></record></collection>